<?xml version="1.0" encoding="UTF-8"?><collection xmlns="http://www.loc.gov/MARC21/slim"><record><leader>00573nam--2200133-i-4500</leader><controlfield tag="001">000045956</controlfield><controlfield tag="002">20161230</controlfield><controlfield tag="005">20161230201045</controlfield><controlfield tag="008">060222s1000------------r-----000-0-eng-d</controlfield><datafield ind1=" " ind2=" " tag="080"><subfield code="a">621.039.57</subfield></datafield><datafield ind1=" " ind2=" " tag="245"><subfield code="a">Value to agriculture of high-quality water from nuclear desalination. report of a panel on the value of high-quality water from nuclear desalting in agriculture organized by the international atomic energy agency and held in vienna, 30 oct.-3 nov., 1967</subfield></datafield><datafield ind1=" " ind2=" " tag="260"><subfield code="a">Vienna, International Atomic Energy Agency, 1969, 278p</subfield></datafield><datafield ind1=" " ind2=" " tag="490"><subfield code="a">Panel Proc.Series</subfield></datafield><datafield ind1=" " ind2=" " tag="852"><subfield code="a">30374</subfield></datafield></record></collection>